% Encoding: UTF-8

@book{Knuth1998,
 author = {Knuth, Donald E.},
 title = {The art of computer programming,  volume 3: (2nd ed.) sorting and searching},
 year = {1998},
 publisher = {Addison Wesley Longman Publishing Co., Inc.},
 address = {Redwood City, CA, USA}
}

@book{Pollefliet2011,
  author = {Pollefliet, Leen},
  title = {Schrijven van verslag tot eindwerk: do's en don'ts},
  year = {2011},
  publisher = {Academia Press},
  address = {Gent}
}

@article{Creeger2009,
  author = {Creeger, Mache},
  journal = {Communications of the ACM},
  number = {8},
  pages = {50--56},
  title = {{CTO Roundtable: Cloud Computing}},
  volume = {52},
  year = {2009}
}

@Book{Chapple2018,
  author    = {Chapple, Mike and Stewart, James Michael and Gibson, Darril},
  date      = {2018},
  title     = {(ISC)2 CISSP Certified Information Systems Security Professional Official Study Guide},
  isbn      = {9781119475873},
  pages     = {1104},
  publisher = {Wiley & Sons, Incorporated, John},
}

@Manual{Nate2023,
  author = {Nate,Prewitt and Ian, Cordasco and Seth,Michael,Larson},
  date   = {2023-05-22},
  title  = {Requests: HTTP for Humansâ„¢},
  url    = {https://requests.readthedocs.io/en/latest/},
}

@Online{Ayushi2021,
  author  = {Ayushi, Rawat},
  date    = {2021-07-09},
  editor  = {Analytics Vidhya},
  title   = {What is an API | API for beginners?},
  url     = {https://medium.com/analytics-vidhya/what-is-an-api-api-for-beginners-4854f34153e},
  urldate = {2024-04-11},
}

@Comment{jabref-meta: databaseType:biblatex;}
