% Encoding: UTF-8

@Online{LewisFowler2014,
  author    = {Lewis, James and Fowler, Martin},
  title     = {Microservices: a definition of this new architectural term},
  date      = {2014-03-25},
  url       = {http://martinfowler.com/articles/microservices.html},
  urldate   = {2016-09-01},
}

@Article{DeSSirisuriya2015,
  author  = {De S Sirisuriya, SCM},
  date    = {2015},
  title   = {A Comparative Study on Web Scraping},
  url     = {http://ir.kdu.ac.lk/handle/345/1051},
  urldate = {2023-12-14},
}

@Article{saabith2019python,
  author  = {Saabith, AS and Fareez, MMM and Vinothraj, T},
  title   = {Python current trend applications-an overview},
  number  = {10},
  volume  = {6},
  journal = {International Journal of Advance Engineering and Research Development},
  year    = {2019},
}

@Comment{jabref-meta: databaseType:biblatex;}
